
@book{feder_flow_1984,
	location = {Oslo},
	edition = {2},
	title = {Flow in Porous Media},
	url = {https://www.uio.no/studier/emner/matnat/fys/FYS4460/v13/notes/flow.pdf},
	pagetotal = {270},
	author = {Feder, Jens},
	urldate = {2018-04-14},
	date = {1984},
	file = {flow.pdf:/home/anjohan/Zotero/storage/8DJ44VBT/flow.pdf:application/pdf}
}